@ARTICLE{Omar2016,
author={H. A. {Omar} and K. {Abboud} and N. {Cheng} and K. R. {Malekshan} and A. T. {Gamage} and W. {Zhuang}},
journal={IEEE Communications Surveys Tutorials},
title={A Survey on High Efficiency Wireless Local Area Networks: Next Generation WiFi},
year={2016},
volume={18},
number={4},
pages={2315-2344},
month={Fourthquarter},}


% @ARTICCLE{xyz,title={}, url={xyz},}

@ARTICCLE{vrep,title={V-Rep simulation}, url={http://www.coppeliarobotics.com/},}

@ARTICCLE{argos,title={Argos simulation}, url={https://www.argos-sim.info/},}




@ARTICCLE{dh,title={Denavitâ€“Hartenberg parameters}, url={https://en.wikipedia.org/wiki/Denavit%E2%80%93Hartenberg_parameters},}

@ARTICCLE{WikiFlocking,title={Flocking behaviour}, url={https://en.wikipedia.org/wiki/Flocking_(behavior)},}


@ARTICCLE{SwarmBehaviour,title={Swarm behaviour}, url={https://en.wikipedia.org/wiki/Swarm_behaviour},}

@ARTICCLE{SwarmIntelligence,title={Swarm intelligence}, url={https://en.wikipedia.org/wiki/Swarm_intelligence},}

@ARTICCLE{PSO,title={Particle swarm optimization}, url={https://en.wikipedia.org/wiki/Particle_swarm_optimization},}

@ARTICCLE{ustintern,author={Rajendra Singh},title={UST Global Internship report}, url={https://drive.google.com/file/d/1RTBjH5_nVITV9RjlLy2PGjsJbRWrLrKR/view?usp=sharing},year={2019},}

@ARTICCLE{pid,title={The Art of Quadcopter PID Tuning}, url={https://oscarliang.com/quadcopter-pid-explained-tuning/},}

@ARTICCLE{openai,title={OpenAI gym}, url={https://gym.openai.com/},}

@ARTICCLE{ros,title={Robot operating system}, url={http://wiki.ros.org/},}

@ARTICCLE{rds,title={ROS development studio}, url={https://rds.theconstructsim.com/},}

@ARTICCLE{rosject,title={My Rosject}, url={http://www.rosject.io/l/ca1685c/},}

@ARTICCLE{btpgit,title={BTP github repo}, url={https://github.com/iamrajee/Slam_and_RL_BTP},}

@ARTICCLE{ardrone,title={ARdrone simulation}, url={https://github.com/AutonomyLab/ardrone_autonomy},}

@ARTICCLE{plutoros,title={Pluto drone ros}, url={http://wiki.ros.org/pluto_drone},}

@ARTICCLE{pidwiki,title={PID controller}, url={https://en.wikipedia.org/wiki/PIDcontroller},}

@ARTICLE{Foraging,
author={{Karen Koy} {Roy E. Plotnick}},
book={Trace Fossils},
title={Theoretical and Experimental Ichnology of Mobile Foraging},
year={2007},}